@book{coulouris2005distributed,
  added-at = {2010-11-23T14:26:55.000+0100},
  asin = {0321263545},
  author = {Coulouris, George and Dollimore, Jean and Kindberg, Tim},
  biburl = {https://www.bibsonomy.org/bibtex/20f7b3759d6d803835d09a29a9bb9397f/schmidt2},
  description = {Distributed Systems: Concepts and Design International Computer Science: Amazon.de: George Coulouris, Jean Dollimore, Tim Kindberg: Englische BÃ¼cher},
  dewey = {004.36},
  ean = {9780321263544},
  edition = {4th rev. ed.},
  interhash = {4dda0a9ab33b8405bd609ea34718c821},
  intrahash = {0f7b3759d6d803835d09a29a9bb9397f},
  isbn = {0321263545},
  keywords = {addison-wesley books coulouris distributed},
  publisher = {Addison-Wesley Longman, Amsterdam},
  timestamp = {2011-07-19T11:29:32.000+0200},
  title = {Distributed Systems: Concepts and Design (International Computer Science)},
  year = 2005
}

